@article{DBLP:journals/corr/abs-1710-10196,
  author    = {Tero Karras and
               Timo Aila and
               Samuli Laine and
               Jaakko Lehtinen},
  title     = {Progressive Growing of GANs for Improved Quality, Stability, and Variation},
  journal   = {CoRR},
  volume    = {abs/1710.10196},
  year      = {2017},
  url       = {http://arxiv.org/abs/1710.10196},
  archivePrefix = {arXiv},
  eprint    = {1710.10196},
  timestamp = {Thu, 02 Nov 2017 14:25:36 +0100},
  biburl    = {https://dblp.org/rec/bib/journals/corr/abs-1710-10196},
  bibsource = {dblp computer science bibliography, https://dblp.org}
}

@article{DBLP:journals/corr/Goodfellow17,
  author    = {Ian J. Goodfellow},
  title     = {{NIPS} 2016 Tutorial: Generative Adversarial Networks},
  journal   = {CoRR},
  volume    = {abs/1701.00160},
  year      = {2017},
  url       = {http://arxiv.org/abs/1701.00160},
  archivePrefix = {arXiv},
  eprint    = {1701.00160},
  timestamp = {Wed, 07 Jun 2017 14:43:15 +0200},
  biburl    = {https://dblp.org/rec/bib/journals/corr/Goodfellow17},
  bibsource = {dblp computer science bibliography, https://dblp.org}
}

@inproceedings{conf/scalespace/RabinPDB11,
  added-at = {2012-01-02T00:00:00.000+0100},
  author = {Rabin, Julien and Peyr√©, Gabriel and Delon, Julie and Bernot, Marc},
  biburl = {https://www.bibsonomy.org/bibtex/257c1a01eea41689e06651ea790b2ce87/dblp},
  booktitle = {SSVM},
  editor = {Bruckstein, Alfred M. and ter Haar Romeny, Bart M. and Bronstein, Alexander M. and Bronstein, Michael M.},
  ee = {http://dx.doi.org/10.1007/978-3-642-24785-9_37},
  interhash = {2b68c56752ce14acfa985ff56d7d896a},
  intrahash = {57c1a01eea41689e06651ea790b2ce87},
  isbn = {978-3-642-24784-2},
  keywords = {dblp},
  pages = {435-446},
  publisher = {Springer},
  series = {Lecture Notes in Computer Science},
  timestamp = {2012-01-03T11:35:13.000+0100},
  title = {Wasserstein Barycenter and Its Application to Texture Mixing.},
  url = {http://dblp.uni-trier.de/db/conf/scalespace/ssvm2011.html#RabinPDB11},
  volume = 6667,
  year = 2011
}
