@Book{PBI, author = "Biecek, Przemysław", editor = "", title = "Analiza danych z programem R. Modele liniowe z efektami stałymi, losowymi i mieszanymi", publisher = "Wydawnictwo Naukowe PWN", year = 2011, address = "Warszawa", }

@book{ALA,
  title={Applied Longitudinal Analysis},
  author={Fitzmaurice, G.M. and Laird, N.M. and Ware, J.H.},
  isbn={9780470380277},
  lccn={2011012197},
  series={Wiley Series in Probability and Statistics},
  year={2011},
  publisher={Wiley}
}

 @Manual{PBImisc,
    title = {PBImisc: A Set of Datasets Used in My Classes or in the Book 'Modele
Liniowe i Mieszane w R, Wraz z Przykladami w Analizie Danych'},
    author = {Przemyslaw Biecek},
    year = {2016},
    note = {R package version 1.0},
    url = {https://CRAN.R-project.org/package=PBImisc},
}

@misc{NN,
  author = {David Fumo},
  title = {A Gentle Introduction To Neural Networks Series Part 1},
  howpublished = "\url{https://towardsdatascience.com/a-gentle-introduction-to-neural-networks-series-part-1-2b90b87795bc}",
  year = {2017}, 
  note = "[Online; accessed 10-June-2018]"
}

@Manual{nn_pack,
    title = {neuralnet: Training of Neural Networks},
    author = {Stefan Fritsch and Frauke Guenther},
    year = {2016},
    note = {R package version 1.33},
    url = {https://CRAN.R-project.org/package=neuralnet},
  }