@article{DBLP:journals/corr/RedmonDGF15,
  author    = {Joseph Redmon and
               Santosh Kumar Divvala and
               Ross B. Girshick and
               Ali Farhadi},
  title     = {You Only Look Once: Unified, Real-Time Object Detection},
  journal   = {CoRR},
  volume    = {abs/1506.02640},
  year      = {2015},
  url       = {http://arxiv.org/abs/1506.02640},
  archivePrefix = {arXiv},
  eprint    = {1506.02640},
  timestamp = {Wed, 07 Jun 2017 01:00:00 +0200},
  biburl    = {https://dblp.org/rec/bib/journals/corr/RedmonDGF15},
  bibsource = {dblp computer science bibliography, https://dblp.org}
}

@article{DBLP:journals/corr/RedmonF16,
  author    = {Joseph Redmon and
               Ali Farhadi},
  title     = {{YOLO9000:} Better, Faster, Stronger},
  journal   = {CoRR},
  volume    = {abs/1612.08242},
  year      = {2016},
  url       = {http://arxiv.org/abs/1612.08242},
  archivePrefix = {arXiv},
  eprint    = {1612.08242},
  timestamp = {Wed, 07 Jun 2017 01:00:00 +0200},
  biburl    = {https://dblp.org/rec/bib/journals/corr/RedmonF16},
  bibsource = {dblp computer science bibliography, https://dblp.org}
}

@article{DBLP:journals/corr/abs-1804-02767,
  author    = {Joseph Redmon and
               Ali Farhadi},
  title     = {YOLOv3: An Incremental Improvement},
  journal   = {CoRR},
  volume    = {abs/1804.02767},
  year      = {2018},
  url       = {http://arxiv.org/abs/1804.02767},
  archivePrefix = {arXiv},
  eprint    = {1804.02767},
  timestamp = {Tue, 01 May 2018 01:00:00 +0200},
  biburl    = {https://dblp.org/rec/bib/journals/corr/abs-1804-02767},
  bibsource = {dblp computer science bibliography, https://dblp.org}
}

@article{DBLP:journals/corr/SermanetEZMFL13,
  author    = {Pierre Sermanet and
               David Eigen and
               Xiang Zhang and
               Micha{\"{e}}l Mathieu and
               Rob Fergus and
               Yann LeCun},
  title     = {OverFeat: Integrated Recognition, Localization and Detection using
               Convolutional Networks},
  journal   = {CoRR},
  volume    = {abs/1312.6229},
  year      = {2013},
  url       = {http://arxiv.org/abs/1312.6229},
  archivePrefix = {arXiv},
  eprint    = {1312.6229},
  timestamp = {Wed, 07 Jun 2017 14:42:22 +0200},
  biburl    = {https://dblp.org/rec/bib/journals/corr/SermanetEZMFL13},
  bibsource = {dblp computer science bibliography, https://dblp.org}
}

@article{DBLP:journals/pami/GirshickDDM16,
  author    = {Ross B. Girshick and
               Jeff Donahue and
               Trevor Darrell and
               Jitendra Malik},
  title     = {Region-Based Convolutional Networks for Accurate Object Detection
               and Segmentation},
  journal   = {{IEEE} Trans. Pattern Anal. Mach. Intell.},
  volume    = {38},
  number    = {1},
  pages     = {142--158},
  year      = {2016},
  url       = {https://doi.org/10.1109/TPAMI.2015.2437384},
  doi       = {10.1109/TPAMI.2015.2437384},
  timestamp = {Wed, 17 May 2017 10:56:28 +0200},
  biburl    = {https://dblp.org/rec/bib/journals/pami/GirshickDDM16},
  bibsource = {dblp computer science bibliography, https://dblp.org}
}

@inproceedings{DBLP:conf/iccv/Girshick15,
  author    = {Ross B. Girshick},
  title     = {Fast {R-CNN}},
  booktitle = {2015 {IEEE} International Conference on Computer Vision, {ICCV} 2015,
               Santiago, Chile, December 7-13, 2015},
  pages     = {1440--1448},
  year      = {2015},
  url       = {https://doi.org/10.1109/ICCV.2015.169},
  doi       = {10.1109/ICCV.2015.169},
  timestamp = {Wed, 24 May 2017 08:31:04 +0200},
  biburl    = {https://dblp.org/rec/bib/conf/iccv/Girshick15},
  bibsource = {dblp computer science bibliography, https://dblp.org}
}

@article{DBLP:journals/pami/RenHG017,
  author    = {Shaoqing Ren and
               Kaiming He and
               Ross B. Girshick and
               Jian Sun},
  title     = {Faster {R-CNN:} Towards Real-Time Object Detection with Region Proposal
               Networks},
  journal   = {{IEEE} Trans. Pattern Anal. Mach. Intell.},
  volume    = {39},
  number    = {6},
  pages     = {1137--1149},
  year      = {2017},
  url       = {https://doi.org/10.1109/TPAMI.2016.2577031},
  doi       = {10.1109/TPAMI.2016.2577031},
  timestamp = {Wed, 26 Jul 2017 18:02:25 +0200},
  biburl    = {https://dblp.org/rec/bib/journals/pami/RenHG017},
  bibsource = {dblp computer science bibliography, https://dblp.org}
}
