@article{greenwade93,
    author  = "George D. Greenwade",
    title   = "The {C}omprehensive {T}ex {A}rchive {N}etwork ({CTAN})",
    year    = "1993",
    journal = "TUGBoat",
    volume  = "14",
    number  = "3",
    pages   = "342--351"
}

@article{SAGA,
  author    = {Aaron Defazio and
               Francis R. Bach and
               Simon Lacoste{-}Julien},
  title     = {{SAGA:} {A} Fast Incremental Gradient Method With Support for Non-Strongly
               Convex Composite Objectives},
  journal   = {CoRR},
  volume    = {abs/1407.0202},
  year      = {2014},
  url       = {http://arxiv.org/abs/1407.0202},
  archivePrefix = {arXiv},
  eprint    = {1407.0202},
  timestamp = {Wed, 07 Jun 2017 14:40:50 +0200},
  biburl    = {https://dblp.org/rec/bib/journals/corr/DefazioBL14},
  bibsource = {dblp computer science bibliography, https://dblp.org}
}
@incollection{SVRG,
title = {Accelerating Stochastic Gradient Descent using Predictive Variance Reduction},
author = {Johnson, Rie and Zhang, Tong},
booktitle = {Advances in Neural Information Processing Systems 26},
editor = {C. J. C. Burges and L. Bottou and M. Welling and Z. Ghahramani and K. Q. Weinberger},
pages = {315--323},
year = {2013},
publisher = {Curran Associates, Inc.},
url = {http://papers.nips.cc/paper/4937-accelerating-stochastic-gradient-descent-using-predictive-variance-reduction.pdf}
}
